<record><leader>00000cas a22000007a 4500</leader><controlfield tag="001">19471433</controlfield><controlfield tag="008">890329d19761977pauwr ne      0    0eng d</controlfield><datafield ind1=" " ind2=" " tag="010"><subfield code="a">sn 89077767 </subfield></datafield><datafield ind1=" " ind2=" " tag="040"><subfield code="a">NPH</subfield><subfield code="b">eng</subfield><subfield code="c">NPH</subfield><subfield code="d">OCLCQ</subfield></datafield><datafield ind1=" " ind2=" " tag="042"><subfield code="a">msc</subfield></datafield><datafield ind1="0" ind2="0" tag="245"><subfield code="a">Slippery Rock area news-shopper.</subfield></datafield><datafield ind1=" " ind2=" " tag="260"><subfield code="a">[Grove City, Pa.] :</subfield><subfield code="b">Pollock Enterprises Ltd.,</subfield><subfield code="c">1976-</subfield></datafield><datafield ind1=" " ind2=" " tag="300"><subfield code="a">v. :</subfield><subfield code="b">ill. ;</subfield><subfield code="c">38 cm.</subfield></datafield><datafield ind1=" " ind2=" " tag="310"><subfield code="a">Weekly</subfield></datafield><datafield ind1="0" ind2=" " tag="362"><subfield code="a">Vol. 1, no. 1 (Mar. 24, 1976)-[vol. 2, no. 15 (Apr. 13, 1977)].</subfield></datafield><datafield ind1=" " ind2=" " tag="752"><subfield code="a">United States</subfield><subfield code="b">Pennsylvania</subfield><subfield code="c">Mercer</subfield><subfield code="d">Grove City.</subfield></datafield><datafield ind1=" " ind2=" " tag="752"><subfield code="a">United States</subfield><subfield code="b">Pennsylvania</subfield><subfield code="c">Butler</subfield><subfield code="d">Slippery Rock.</subfield></datafield><datafield ind1="0" ind2="0" tag="780"><subfield code="a">Slippery Rock news-shopper</subfield></datafield><datafield ind1="0" ind2="0" tag="785"><subfield code="a">News-shopper (Grove City, Pa.)</subfield><subfield code="w">(DLC)sn 89077768</subfield></datafield></record>